@inproceedings{tl2,
 author = {Dice, Dave and Shalev, Ori and Shavit, Nir},
 title = {Transactional Locking {II}},
 booktitle = {Proceedings of the 20th International Conference on Distributed Computing},
 series = {DISC'06},
 year = {2006},
 isbn = {3-540-44624-9, 978-3-540-44624-8},
 location = {Stockholm, Sweden},
 pages = {194--208},
 numpages = {15},
 url = {http://dx.doi.org/10.1007/11864219_14},
 doi = {10.1007/11864219_14},
 acmid = {2136065},
 publisher = {Springer-Verlag},
 address = {Berlin, Heidelberg},
}

@techreport{libitm,
  author = {{Adl-Tabatabai}, Ali-Reza and Shpeisman, Tatiana and Gottslich, Justin},
  title = {Draft Specification of Transactional Language Constructs for {C++}},
  year = {2012},
  institution = {Intel Corporation},
}

@inproceedings{mnesia,
 author = {Mattsson, H{\aa}kan and Nilsson, Hans and Wikstrom, Claes},
 title = {Mnesia - A Distributed Robust {DBMS} for Telecommunications Applications},
 booktitle = {Proceedings of the First International Workshop on Practical Aspects of Declarative Languages},
 series = {PADL '99},
 year = {1998},
 isbn = {3-540-65527-1},
 pages = {152--163},
 numpages = {12},
 url = {http://dl.acm.org/citation.cfm?id=645769.667766},
 acmid = {667766},
 publisher = {Springer-Verlag},
 address = {London, UK, UK},
}

@inproceedings{deuce,
  title={Noninvasive concurrency with {Java} {STM}},
  author={Korland, Guy and Shavit, Nir and Felber, Pascal},
  booktitle={Third Workshop on Programmability Issues for Multi-Core Computers (MULTIPROG)},
  year={2010}
}

@article{haskellstm,
 author = {Harris, Tim and Marlow, Simon and {Peyton Jones}, Simon and Herlihy, Maurice},
 title = {Composable Memory Transactions},
 journal = {Commun. ACM},
 issue_date = {August 2008},
 volume = {51},
 number = {8},
 month = aug,
 year = {2008},
 issn = {0001-0782},
 pages = {91--100},
 numpages = {10},
 url = {http://doi.acm.org/10.1145/1378704.1378725},
 doi = {10.1145/1378704.1378725},
 acmid = {1378725},
 publisher = {ACM},
 address = {New York, NY, USA},
} 

@article{stmtoy,
 author = {Dragojevi\'{c}, Aleksandar and Felber, Pascal and Gramoli, Vincent and Guerraoui, Rachid},
 title = {Why {STM} Can Be More Than a Research Toy},
 journal = {Commun. ACM},
 issue_date = {April 2011},
 volume = {54},
 number = {4},
 month = apr,
 year = {2011},
 issn = {0001-0782},
 pages = {70--77},
 numpages = {8},
 url = {http://doi.acm.org/10.1145/1924421.1924440},
 doi = {10.1145/1924421.1924440},
 acmid = {1924440},
 publisher = {ACM},
 address = {New York, NY, USA},
} 